%% This BibTeX bibliography file was created using BibDesk.
%% http://bibdesk.sourceforge.net/

%% Created for Yimin Zhang at 2019-02-05 2:12:13 PM +0100 


%% Saved with string encoding Unicode (UTF-8) 



@article{correlation,
	Author = {Rodgers, J. L.; Nicewander, W. A.},
	Date-Added = {2019-02-05 2:07:16 PM +0100},
	Date-Modified = {2019-02-05 2:08:10 PM +0100},
	Journal = {The American Statistician},
	Title = {Thirteen ways to look at the correlation coefficient},
	Year = {1988}}
